@article{HELD2009327,
title = "Topology-oriented incremental computation of Voronoi diagrams of circular arcs and straight-line segments",
journal = "Computer-Aided Design",
volume = "41",
number = "5",
pages = "327 - 338",
year = "2009",
issn = "0010-4485",
doi = "https://doi.org/10.1016/j.cad.2008.08.004",
url = "http://www.sciencedirect.com/science/article/pii/S0010448508001644",
author = "Martin Held and Stefan Huber"

}