@article{moh1996globally,
  title={Globally optimal Floorplanning for a Layout Problem},
  author={Moh, Teng-Sheng and Chang, Tsu-Shuan and Hakimi, S Louis},
  journal={IEEE Transactions on Circuits and Systems I: Fundamental Theory and Applications},
  volume={43},
  number={9},
  pages={713--720},
  year={1996},
  publisher={IEEE}
}
@inproceedings{chen1998convex,
  title={On Convex Formulation of The Floorplan Area Minimization Problem},
  author={Chen, Temo and Fan, Michael KH},
  booktitle={Proceedings of the 1998 international symposium on Physical design},
  pages={124--128},
  year={1998},
  organization={ACM}
}

@inproceedings{young2000floorplan,
  title={Floorplan Area Minimization using Lagrangian Relaxation},
  author={Young, Fung Yu and Chu, Chris CN and Luk, WS and Wong, YC},
  booktitle={Proceedings of the 2000 international symposium on Physical design},
  pages={174--179},
  year={2000},
  organization={ACM}
}
@book{boyd2004convex,
  title={Convex optimization},
  author={Boyd, Stephen and Vandenberghe, Lieven},
  year={2004},
  publisher={Cambridge university press}
}